<record xmlns='http://www.loc.gov/MARC21/slim'><leader>00944cam a2200277Ia 4500</leader><controlfield tag='001'>a6747312</controlfield><controlfield tag='003'>SIRSI</controlfield><controlfield tag='005'>20150531003001.0</controlfield><controlfield tag='008'>960206s1947    sw            000 1 eng d</controlfield><datafield ind1=' ' ind2=' ' tag='035'><subfield code='a'>(OCoLC-M)34143354</subfield></datafield><datafield ind1=' ' ind2=' ' tag='035'><subfield code='a'>(OCoLC-I)275810685</subfield></datafield><datafield ind1=' ' ind2=' ' tag='040'><subfield code='a'>CSJ</subfield><subfield code='c'>CSJ</subfield><subfield code='d'>OCL</subfield><subfield code='d'>OCLCQ</subfield></datafield><datafield ind1=' ' ind2=' ' tag='043'><subfield code='a'>n-us-ca</subfield></datafield><datafield ind1=' ' ind2=' ' tag='090'><subfield code='a'>PS3537.T3234</subfield><subfield code='b'>G8 1947x</subfield></datafield><datafield ind1='1' ind2=' ' tag='100'><subfield code='a'>Steinbeck, John,</subfield><subfield code='d'>1902-1968.</subfield><subfield code=' '>^A116705</subfield></datafield><datafield ind1='1' ind2='4' tag='245'><subfield code='a'>The grapes of wrath /</subfield><subfield code='c'>by John Steinbeck.</subfield></datafield><datafield ind1=' ' ind2=' ' tag='260'><subfield code='a'>Stockholm :</subfield><subfield code='b'>Continental Book Co.,</subfield><subfield code='c'>c1947.</subfield></datafield><datafield ind1=' ' ind2=' ' tag='300'><subfield code='a'>553 p. ;</subfield><subfield code='c'>19 cm.</subfield></datafield><datafield ind1='1' ind2=' ' tag='490'><subfield code='a'>Zephyr books ;</subfield><subfield code='v'>28</subfield></datafield><datafield ind1=' ' ind2=' ' tag='596'><subfield code='a'>31</subfield></datafield><datafield ind1=' ' ind2='0' tag='650'><subfield code='a'>Migrant agricultural laborers</subfield><subfield code='z'>California</subfield><subfield code='v'>Fiction.</subfield><subfield code=' '>^A2467687</subfield></datafield><datafield ind1=' ' ind2='0' tag='650'><subfield code='a'>Labor camps</subfield><subfield code='z'>California</subfield><subfield code='v'>Fiction.</subfield><subfield code=' '>^A1032779</subfield></datafield><datafield ind1=' ' ind2='7' tag='655'><subfield code='a'>Historical fiction.</subfield><subfield code='2'>gsafd</subfield><subfield code=' '>^A3314275</subfield></datafield><datafield ind1=' ' ind2='0' tag='830'><subfield code='a'>Zephyr books ;</subfield><subfield code='v'>28.</subfield><subfield code=' '>^A1726409</subfield></datafield><datafield ind1=' ' ind2=' ' tag='994'><subfield code='a'>Z0</subfield><subfield code='b'>STF</subfield></datafield><datafield ind1=' ' ind2=' ' tag='999'><subfield code='a'>PS3537 .T3234 G8 1947</subfield><subfield code='w'>LC</subfield><subfield code='c'>1</subfield><subfield code='i'>36105115298973</subfield><subfield code='l'>PAGE-SP</subfield><subfield code='m'>SAL3</subfield><subfield code='r'>Y</subfield><subfield code='s'>Y</subfield><subfield code='t'>NH-INHOUSE</subfield><subfield code='u'>2/6/2007</subfield></datafield></record>